@Article{smith,
author = {R. Burden, J.D.Faires},
title = {{An\'alisis Num\'erico}},
journal = {International Thomson Editors},
year = {1998}
}
